@inproceedings{quocLe2014doc2vec,
  title={Distributed representations of sentences and documents},
  author={Quoc Le and Tomas Mikolov},
  booktitle={International conference on machine learning},
  pages={1188â€“1196},
  year={2014}
}