@inproceedings{quocLe2014doc2vec,
  title={Distributed representations of sentences and documents},
  author={Quoc Le and Tomas Mikolov},
  booktitle={International conference on machine learning},
  pages={1188â€“1196},
  year={2014}
}

@inproceedings{mikolov2013,
  title={Efficient estimation of word representations in vector space},
  author={Tomas Mikolov, Kai Chen, Greg Corrado, and Jeffrey Dean},
  booktitle={International Conference on Learning Representations},
  pages={100,102},
  year={2013}
}
