@inproceedings{Luxburg2007,
  title={A tutorial on spectral clustering},
  author={Ulrike Von Luxburg},
  booktitle={Statistics and Computing},
  pages={395,416},
  year={2007}
}

@inproceedings{Ng2001,
  title={On Spectral Clustering: Anaysis and an algorithm},
  author={Andrew Ng, Micheal I. Jordan, Yair Weiss},
  booktitle={Neural Information Processing Systems},
  pages={849,856},
  year={2001}
}


