@inproceedings{zhaopeng2016,
  title={ Modeling coverage for neural machine translation},
  author={Zhaopeng Tu, Zhengdong Lu, Yang Liu, Xiaohua Liu, and Hang Li},
  booktitle={Assocation for Computational Linguistics},
  pages={76–85},
  year={2016}
}

@inproceedings{luong2016,
  title={Neural Machine Translation},
  author={Thang Luong, Kyunghyun Cho, and Christophe Manning},
  booktitle={Assocation for Computational Linguistics},
  pages={XX,XX},
  year={2016}
}

@inproceedings{luong2015,
  title={Effective approaches to attention based neural machine translation},
  author={Minh-Thang Luong, Hieu Pham, and Christopher D Manning},
  booktitle={Empirical Methods in Natural Language Processing},
  pages={XX,XX},
  year={2015}
}

@inproceedings{quocLe2014doc2vec,
  title={Distributed representations of sentences and documents},
  author={Quoc Le and Tomas Mikolov},
  booktitle={International conference on machine learning},
  pages={1188â€“1196},
  year={2014}
}

@inproceedings{bert2018,
  title={ Bert: Pre-training of deep bidirectional transformers for language understanding},
  author={Jacob Devlin, Ming-Wei Chang, Kenton Lee, and Kristina Toutanova},
  booktitle={International conference on machine learning},
  pages={1188â€“1196},
  year={2018}
}

@inproceedings{elmo2018,
  title={Deep contextualized word representations},
  author={Matthew E Peters, Mark Neumann, Mohit Iyyer, Matt Gardner, Christopher Clark, Kenton Lee, and Luke Zettlemoyer},
  booktitle={International conference on machine learning},
  pages={1188â€“1196},
  year={2018}
}

